
TLS, HTTPS, ECH ADOPTION:

@inproceedings{tsiatsikas2022measuring,
	title={Measuring the adoption of TLS encrypted client hello extension and its forebear in the wild},
	author={Tsiatsikas, Zisis and Karopoulos, Georgios and Kambourakis, Georgios},
	booktitle={European Symposium on Research in Computer Security},
	pages={177--190},
	year={2022},
	organization={Springer}
}

@online{CF-ECH,
	title={Encrypted Client Hello - the last puzzle piece to privacy},
	author={Achiel van der Mandele, Alessandro Ghedini, Christopher Wood and Rushil Mehra},
	year=2023,
	month=Sep,
	url={https://blog.cloudflare.com/announcing-encrypted-client-hello},
	urldate={2024-03-24},
}

@online{LE-HTTPS,
	title={Percentage of Web Pages Loaded by Firefox Using HTTPS},
	author={Let's Encrypt Stats},
	url={https://letsencrypt.org/stats/#percent-pageloads},
	urldate={2024-04-01},
}

@inproceedings{chan2018monitoring,
	title={Monitoring TLS adoption using backbone and edge traffic},
	author={Chan, Chia-ling and Fontugne, Romain and Cho, Kenjiro and Goto, Shigeki},
	booktitle={IEEE INFOCOM 2018-IEEE Conference on Computer Communications Workshops (INFOCOM WKSHPS)},
	pages={208--213},
	year={2018},
	organization={IEEE}
}

REQUEST FOR COMMENTS:

@misc{rfc9518,
	series={Request for Comments},
	number=9518,
	howpublished={RFC 9518},
	publisher={RFC Editor},
	doi={10.17487/RFC9518},
	url={https://www.rfc-editor.org/info/rfc9518},
	author={Mark Nottingham},
	title={{Centralization, Decentralization, and Internet Standards}},
	pagetotal=22,
	year=2023,
	month=dec,
}

@misc{rfc8446,
	series={Request for Comments},
	number=8446,
	howpublished={RFC 8446},
	publisher={RFC Editor},
	doi={10.17487/RFC8446},
	url={https://www.rfc-editor.org/info/rfc8446},
	author={Eric Rescorla},
	title={{The Transport Layer Security (TLS) Protocol Version 1.3}},
	pagetotal=160,
	year=2018,
	month=aug
}

@misc{rfc8996,
	series={Request for Comments},
	number=8996,
	howpublished={RFC 8996},
	publisher={RFC Editor},
	doi={10.17487/RFC8996},
	url={https://www.rfc-editor.org/info/rfc8996},
	author={Kathleen Moriarty and Stephen Farrell},
	title={{Deprecating TLS 1.0 and TLS 1.1}},
	pagetotal=18,
	year=2021,
	month=mar
}

@misc{rfc2246,
	series={Request for Comments},
	number=2246,
	howpublished={RFC 2246},
	publisher={RFC Editor},
	doi={10.17487/RFC2246},
	url={https://www.rfc-editor.org/info/rfc2246},
	author={Christopher Allen and Tim Dierks},
	title={{The TLS Protocol Version 1.0}},
	pagetotal=80,
	year=1999,
	month=jan
}

ECH SECURITY AND ATTACKS:

@inproceedings{bhargavan2022symbolic,
	title={A symbolic analysis of privacy for tls 1.3 with encrypted client hello},
	author={Bhargavan, Karthikeyan and Cheval, Vincent and Wood, Christopher},
	booktitle={Proceedings of the 2022 ACM SIGSAC Conference on Computer and Communications Security},
	pages={365--379},
	year={2022}
}

@article{trevisan2023attacking,
	title={Attacking DoH and ECH: Does Server Name Encryption Protect Usersâ€™ Privacy?},
	author={Trevisan, Martino and Soro, Francesca and Mellia, Marco and Drago, Idilio and Morla, Ricardo},
	journal={ACM Transactions on Internet Technology},
	volume={23},
	number={1},
	pages={1--22},
	year={2023},
	publisher={ACM New York, NY}
}

TRAFFIC PADDING:

@article{defabbia2011analyzing,
	title={Analyzing the effectiveness of passive correlation attacks on the tor anonymity network},
	author={DeFabbia-Kane, Samuel Padraic},
	year={2011}
}

@inproceedings{levine2004timing,
	title={Timing attacks in low-latency mix systems},
	author={Levine, Brian N and Reiter, Michael K and Wang, Chenxi and Wright, Matthew},
	booktitle={Financial Cryptography: 8th International Conference, FC 2004, Key West, FL, USA, February 9-12, 2004. Revised Papers 8},
	pages={251--265},
	year={2004},
	organization={Springer}
}

@inproceedings{fu2003effectiveness,
	title={On effectiveness of link padding for statistical traffic analysis attacks},
	author={Fu, Xinwen and Graham, Bryan and Bettati, Riccardo and Zhao, Wei},
	booktitle={23rd International Conference on Distributed Computing Systems, 2003. Proceedings.},
	pages={340--347},
	year={2003},
	organization={IEEE}
}

@inproceedings{fu2003analytical,
	title={Analytical and empirical analysis of countermeasures to traffic analysis attacks},
	author={Fu, Xinwen and Graham, Bryan and Bettati, Riccardo and Zhao, Wei and Xuan, Dong},
	booktitle={2003 International Conference on Parallel Processing, 2003. Proceedings.},
	pages={483--492},
	year={2003},
	organization={IEEE}
}

@article{yu2012predicted,
	title={Predicted packet padding for anonymous web browsing against traffic analysis attacks},
	author={Yu, Shui and Zhao, Guofeng and Dou, Wanchun and James, Simon},
	journal={IEEE Transactions on Information Forensics and Security},
	volume={7},
	number={4},
	pages={1381--1393},
	year={2012},
	publisher={IEEE}
}
